<collection xmlns="http://www.loc.gov/MARC21/slim">
<record>
  <leader>01105nam0a2200229 i 450 </leader>
  <controlfield tag="001">IT\ICCU\CNCE\015255</controlfield>
  <controlfield tag="005">20110222000000.0</controlfield>
  <datafield tag="012" ind1=" " ind2=" ">
    <subfield code="a">eaio s-s: s,ue a-us (C) 1513 (A)</subfield>
    <subfield code="2">fei</subfield>
  </datafield>
  <datafield tag="100" ind1=" " ind2=" ">
    <subfield code="a">19970101d1513        0itac0103    ba</subfield>
  </datafield>
  <datafield tag="101" ind1=" " ind2=" ">
    <subfield code="a">LAT</subfield>
  </datafield>
  <datafield tag="102" ind1=" " ind2=" ">
    <subfield code="a">IT</subfield>
  </datafield>
  <datafield tag="200" ind1="1" ind2=" ">
    <subfield code="a">Opusculum Sylle Gorii Veluterni pro immatura morte nobilissimae mulieris Casandrae de Ptolomeis in quo laudantur plurimae mulieres asenensee, Senae dicatum</subfield>
  </datafield>
  <datafield tag="210" ind1=" " ind2=" ">
    <subfield code="e">Impresso in Siena</subfield>
    <subfield code="g">per Symione di Niccolo &amp; Ginuanni \!! di Alixandro librai</subfield>
    <subfield code="h">adi 9 di luglio 1513</subfield>
  </datafield>
  <datafield tag="215" ind1=" " ind2=" ">
    <subfield code="a">\6! c.</subfield>
    <subfield code="d">4ʻ</subfield>
  </datafield>
  <datafield tag="620" ind1=" " ind2=" ">
    <subfield code="a">IT</subfield>
    <subfield code="d">Siena</subfield>
  </datafield>
  <datafield tag="700" ind1=" " ind2="1">
    <subfield code="a">Gori,</subfield>
    <subfield code="b">Silla</subfield>
    <subfield code="3">IT\ICCU\CNCA\027145</subfield>
  </datafield>
  <datafield tag="712" ind1="0" ind2="0">
    <subfield code="a">Nardi, Simone &amp; Landi, Giovanni</subfield>
    <subfield code="3">IT\ICCU\CNCT\001197</subfield>
    <subfield code="4">650</subfield>
  </datafield>
  <datafield tag="790" ind1=" " ind2="1">
    <subfield code="a">Gorius,</subfield>
    <subfield code="b">Sylla</subfield>
    <subfield code="3">IT\ICCU\CNCA\027211</subfield>
    <subfield code="z">Gori, Silla</subfield>
  </datafield>
  <datafield tag="791" ind1="0" ind2="2">
    <subfield code="a">Simione di Niccolo &amp; Giovanni di Alixandro</subfield>
    <subfield code="3">IT\ICCU\CNCT\002408</subfield>
    <subfield code="z">Nardi, Simone &amp; Landi, Giovanni</subfield>
  </datafield>
  <datafield tag="791" ind1="0" ind2="2">
    <subfield code="a">Symeone di Nicolo &amp; Giovanni di Alexandro</subfield>
    <subfield code="3">IT\ICCU\CNCT\002409</subfield>
    <subfield code="z">Nardi, Simone &amp; Landi, Giovanni</subfield>
  </datafield>
  <datafield tag="801" ind1=" " ind2="3">
    <subfield code="a">IT</subfield>
    <subfield code="b">ICCU</subfield>
    <subfield code="c">20201114</subfield>
  </datafield>
  <datafield tag="899" ind1=" " ind2=" ">
    <subfield code="a">Biblioteca Apostolica Vaticana. Citt ̉del Vaticano</subfield>
    <subfield code="1">EX0001</subfield>
    <subfield code="2">ZCV 01</subfield>
  </datafield>
</record>
</collection>
